<?xml version="1.0" encoding="UTF-8"?><record xmlns="http://www.loc.gov/MARC21/slim" xmlns:cinclude="http://apache.org/cocoon/include/1.0" xmlns:zs="http://www.loc.gov/zing/srw/">
  <leader>00475nz  a2200145n  4500</leader>
  <controlfield tag="001">nb2010002511</controlfield>
  <controlfield tag="003">DLC</controlfield>
  <controlfield tag="005">20100131075010.0</controlfield>
  <controlfield tag="008">100129n| acannaabn          |a aaa      </controlfield>
  <datafield tag="010" ind1=" " ind2=" ">
    <subfield code="a">nb2010002511</subfield>
  </datafield>
  <datafield tag="035" ind1=" " ind2=" ">
    <subfield code="a">(Uk)007693891</subfield>
  </datafield>
  <datafield tag="040" ind1=" " ind2=" ">
    <subfield code="a">Uk</subfield>
    <subfield code="b">eng</subfield>
    <subfield code="c">Uk</subfield>
  </datafield>
  <datafield tag="100" ind1="1" ind2=" ">
    <subfield code="a">Hong-wen, Huang</subfield>
  </datafield>
  <datafield tag="400" ind1="1" ind2=" ">
    <subfield code="a">Wen, Huang Hong-</subfield>
  </datafield>
  <datafield tag="670" ind1=" " ind2=" ">
    <subfield code="a">Proceedings of the IVth International Chestnut Symposium, 2009:</subfield>
    <subfield code="b">t.p. (Huang Hong-wen) p.3 (South China Botanical Garden, Chinese Academy of Sciences, China)</subfield>
  </datafield>
</record>